
@inproceedings{westphal_signatures_2018,
	location = {Raleigh, N.C.},
	title = {Signatures and Observables in the Nuclear Fuel Cycle},
	eventtitle = {Consortium for Nonproliferation Enabling Capabilities Annual Workshop},
	booktitle = {{CNEC} Annual Workshop},
	publisher = {North Carolina State University},
	author = {Westphal, Gregory and Huff, Kathryn D.},
	date = {2018-02-08},
	note = {(Poster)}
}

@article{skutnik_cyborg:_2016,
	title = {Cyborg: An origen-based reactor analysis module for cyclus},
	volume = {115},
	shorttitle = {Cyborg},
	pages = {299--301},
	journaltitle = {Transactions of the American Nuclear Society},
	author = {Skutnik, S. E. and Sly, N. C. and Littell, J. L.},
	date = {2016}
}

@article{huff_fundamental_2016,
	title = {Fundamental concepts in the Cyclus nuclear fuel cycle simulation framework},
	volume = {94},
	pages = {46--59},
	journaltitle = {Advances in Engineering Software},
	author = {Huff, Kathryn D. and Gidden, Matthew J. and Carlsen, Robert W. and Flanagan, Robert R. and {McGarry}, Meghan B. and Opotowsky, Arrielle C. and Schneider, Erich A. and Scopatz, Anthony M. and Wilson, Paul {PH}},
	date = {2016},
	file = {Fulltext:/home/teddy/Zotero/storage/3IMCACE5/Huff et al. - 2016 - Fundamental concepts in the Cyclus nuclear fuel cy.pdf:application/pdf;Snapshot:/home/teddy/Zotero/storage/9DRDIPZV/S0965997816300229.html:text/html}
}

@article{chee_numerical_2018,
	title = {Numerical Experiments for Testing Demand-Driven Deployment Algorithms},
	author = {Chee, Gwendolyn and Bae, Jin Whan and Huff, Kathryn D.},
	date = {2018},
	file = {Fulltext:/home/teddy/Zotero/storage/8729QICM/Chee et al. - 2018 - Numerical Experiments for Testing Demand-Driven De.pdf:application/pdf;Snapshot:/home/teddy/Zotero/storage/7I6MM7HM/Chee et al. - 2018 - Numerical Experiments for Testing Demand-Driven De.pdf:application/pdf}
}

@inproceedings{huff_cyclus_2013,
	title = {Cyclus fuel cycle simulation capabilities with the {CYDER} disposal system model},
	booktitle = {Proceedings of {GLOBAL} 2013: International Nuclear Fuel Cycle Conference-Nuclear Energy at a Crossroads},
	author = {Huff, K. D.},
	date = {2013},
	file = {Snapshot:/home/teddy/Zotero/storage/CTPH9CQQ/search.html:text/html}
}

@software{bae_recycle:_2018,
	title = {{RECYCLE}: More complex Cyclus archetype repository},
	url = {https://github.com/jbae11/recycle},
	author = {Bae, Jin Whan},
	urldate = {2018-08-06},
	date = {2018-02-26},
	note = {original-date: 2017-12-05T01:36:39Z}
}

@software{noauthor_peddler:_2018,
	title = {Peddler: transportation module for Cyclue},
	rights = {{BSD}-3-Clause},
	url = {https://github.com/ergs/peddler},
	publisher = {{ERGS}},
	urldate = {2018-08-06},
	date = {2018-06-15},
	note = {original-date: 2018-03-02T18:53:58Z}
}

@software{noauthor_rickshaw:_2018,
	title = {rickshaw: Automated driver for Cyclus},
	url = {https://github.com/cyclus/rickshaw},
	shorttitle = {rickshaw},
	publisher = {Cyclus},
	urldate = {2018-08-06},
	date = {2018-01-12},
	note = {original-date: 2016-09-27T16:32:23Z}
}

@software{noauthor_contribute_2018,
	title = {Contribute to cymetric development by creating an account on {GitHub}},
	url = {https://github.com/cyclus/cymetric},
	publisher = {Cyclus},
	urldate = {2018-08-06},
	date = {2018-03-20},
	note = {original-date: 2014-02-14T21:24:25Z}
}

@software{noauthor_cycmap:_2018,
	title = {cycmap: Visualization of Agent positions and commodity transfer},
	rights = {{BSD}-3-Clause},
	url = {https://github.com/arfc/cycmap},
	shorttitle = {cycmap},
	publisher = {Advanced Reactors and Fuel Cycles},
	urldate = {2018-08-06},
	date = {2018-07-13},
	note = {original-date: 2017-10-27T22:11:38Z}
}

@software{noauthor_d3ploy:_2018,
	title = {d3ploy: A collection of Cyclus manager archetypes for demand driven deployment},
	rights = {{BSD}-3-Clause},
	url = {https://github.com/ergs/d3ploy},
	shorttitle = {d3ploy},
	publisher = {{ERGS}},
	urldate = {2018-08-06},
	date = {2018-06-12},
	note = {original-date: 2017-11-07T16:12:57Z}
}