
@inproceedings{rhodes_casmo-5_2006,
	title = {{CASMO}-5 development and applications},
	pages = {10--14},
	booktitle = {Proc. {ANS} Topical Meeting on Reactor Physics ({PHYSOR}-2006)},
	author = {Rhodes, Joel and Smith, Kord and Lee, Deokjung},
	date = {2006},
	file = {Fulltext:/home/teddy/Zotero/storage/V5KYAL65/Rhodes et al. - 2006 - CASMO-5 development and applications.pdf:application/pdf;Snapshot:/home/teddy/Zotero/storage/PLPS2KPU/Rhodes et al. - 2006 - CASMO-5 development and applications.pdf:application/pdf}
}

@report{lee_mc2-3:_2013,
	title = {{MC}2-3: multigroup cross section generation code for fast reactor analysis},
	shorttitle = {{MC}2-3},
	institution = {Argonne National Lab.({ANL}), Argonne, {IL} (United States)},
	author = {Lee, C. H. and Yang, W. S.},
	date = {2013}
}

@inproceedings{peterson_generating_2016,
	location = {Sun Valley, {ID}, {USA}},
	title = {Generating Cross Sections for {ORION} Fuel Cycle Models},
	eventtitle = {{PHYSOR}},
	booktitle = {Physor 2016},
	author = {Peterson, Joshua},
	date = {2016-05-01}
}

@online{noauthor_scale_nodate,
	title = {{SCALE} 6.2.2, A Comprehensive Modeling and Simulation Suite for Nuclear Safety Analysis and Design},
	url = {https://www.oecd-nea.org/tools/abstract/detail/ccc-0834/},
	urldate = {2018-06-12},
	file = {SCALE 6.2.2, A Comprehensive Modeling and Simulation Suite for Nuclear Safety Analysis and Design:/home/teddy/Zotero/storage/EVN8AHZM/ccc-0834.html:text/html}
}

@article{wigeland_nuclear_2014,
	title = {Nuclear fuel cycle evaluation and screeningâ€”final report},
	journaltitle = {{US} Department of Energy},
	author = {Wigeland, R. and Taiwo, T. and Ludewig, H. and Todosow, M. and Halsey, W. and Gehin, J. and Jubin, R. and Buelt, J. and Stockinger, S. and Jenni, K.},
	date = {2014}
}

@report{gregg_benefits_2013,
	title = {The benefits of a fast reactor closed fuel cycle in the {UK}},
	url = {https://www.osti.gov/biblio/22264177},
	abstract = {The U.S. Department of Energy's Office of Scientific and Technical Information},
	institution = {American Nuclear Society - {ANS}; La Grange Park (United States)},
	author = {Gregg, R. and Hesketh, K.},
	urldate = {2018-06-12},
	date = {2013-07-01},
	file = {Snapshot:/home/teddy/Zotero/storage/INYAJFEY/22264177.html:text/html}
}